
@article{gavaletz_-browser_2009,
	title = {In-browser network performance measurement},
	journal = {IEEE Trans. Parallel Distrib. Comput. Syst},
	author = {Gavaletz, Eric and Hamon, Dominic and Kaur, Jasleen},
	year = {2009}
}