
@inproceedings{kreibich_netalyzr:_2010,
	title = {Netalyzr: {Illuminating} {The} {Edge} {Network}},
	booktitle = {Proc. {ACM} {IMC}},
	author = {Kreibich, Christian and Weaver, Nicholas and Nechaev, Boris and Paxson, Vern},
	year = {2010}
}

@inproceedings{dischinger_glasnost:_2010,
	title = {Glasnost: {Enabling} {End} {Users} to {Detect} {Traffic} {Differentiation}},
	booktitle = {Proc. {USENIX} {NSDI}},
	author = {Dischinger, Marcel and Marcon, Massimiliano and Guha, Saikat and Gummadi, Krishna P. and Mahajan, Ratul and Saroiu, Stefan},
	year = {2010}
}

@inproceedings{papageorge_passive_2009,
	title = {Passive {Aggressive} {Measurement} with {MGRP}},
	booktitle = {Proc. {ACM} {SIGCOMM}},
	author = {Papageorge, Pavlos and McCann, Justin and Hicks, Michael},
	year = {2009}
}

@inproceedings{butkiewicz_understanding_2011,
	title = {Understanding {Website} {Complexity}: {Measurements}, {Metrics}, and {Implications}},
	booktitle = {Proc. {ACM} {IMC}},
	author = {Butkiewicz, Michael and Madhyastha, Harsha V. and Sekar, Vyas},
	year = {2011}
}

@inproceedings{cui_trouble_2011,
	title = {Trouble shooting interactive {Web} sessions in a home environment},
	booktitle = {Proc. {ACM} {SIGCOMM} {Workshop} on {Home} {Networks}},
	author = {Cui, Heng and Biersack, Ernst},
	year = {2011}
}

@inproceedings{agarwal_webprofiler:_2010,
	title = {Webprofiler: cooperative diagnosis of web failures},
	booktitle = {Proc. {COMSNETS}},
	author = {Agarwal, Sharad and Mohan, Prashanth and Liogkas, Nikitas and Padmanabhan, Venkat},
	year = {2010}
}

@inproceedings{padmanabhan_study_2006,
	title = {A study of end-to-end web access failures},
	booktitle = {Proc. {CoNEXT}},
	author = {Padmanabhan, Venkata N. and Ramabhadran, Sriram and Agarwal, Sharad and Padhye, Jitendra},
	year = {2006}
}

@inproceedings{wang_measuring_2011,
	title = {Measuring and {Predicting} {Web} {Login} {Safety}},
	booktitle = {Proc. {ACM} {SIGCOMM} {Workshop} on {Measurements} {Up} the {Stack}},
	author = {Wang, Xiao Sophia and Choffnes, David and Kelley, Patrick Gage and Greenstein, Ben and Wetherall, David},
	year = {2011}
}

@book{miniwatts_marketing_group_internet_????,
	title = {Internet {World} {Statistics}},
	author = {{Miniwatts Marketing Group}},
	note = {http://www.internetworldstats.com/stats.htm}
}

@book{google_google_????,
	title = {Google {Maps} {Help} {Forum}},
	author = {{Google}},
	note = {http://www.google.com/support/forum/p/maps/thread?tid=24f446d4cc24d07a}
}

@book{google_google_????-1,
	title = {Google {Maps}},
	author = {{Google}},
	note = {http://maps.google.com/}
}

@book{upnp_forum_universal_????,
	title = {Universal {Plug} and {Play}},
	author = {{UPnP Forum}},
	note = {http://www.upnp.org/}
}

@book{upnp_forum_internet_????,
	title = {Internet {Gateway} {Device} ({IGD}) {V} 2.0},
	url = {http://upnp.org/specs/gw/igd2},
	author = {{UPnP Forum}}
}

@book{_multicast_????,
	title = {Multicast {DNS}},
	note = {http://www.multicastdns.org/}
}

@book{mozilla_firebug_????,
	title = {Firebug},
	author = {{Mozilla}},
	note = {http://getfirebug.com/}
}

@book{dynatrace_software_diagnose_????,
	title = {Diagnose and {Prevent} {AJAX} {Performance} {Issues}},
	author = {{dynaTrace Software}},
	note = {http://ajax.dynatrace.com/}
}

@book{_fourthparty_????,
	title = {{FourthParty}},
	note = {http://fourthparty.info/}
}

@book{w3c_postmessage_????,
	title = {{postMessage}},
	author = {{W3C}},
	note = {http://www.w3.org/TR/html5/comms.html\#dom-window-postmessage-2}
}

@book{w3c_navigation_????,
	title = {Navigation {Timing}, {Editor}'s {Draft} {November} 14th, 2011},
	url = {https://dvcs.w3.org/hg/webperf/raw-file/tip/specs/NavigationTiming/Overview.html},
	author = {{W3C}}
}

@book{mozilla_developer_network_xpcom_????,
	title = {{XPCOM}},
	author = {{Mozilla Developer Network}},
	note = {https://developer.mozilla.org/en/XPCOM}
}

@book{mozilla_netscape_????,
	title = {Netscape {Portable} {Runtime}},
	author = {{Mozilla}},
	note = {http://www.mozilla.org/projects/nspr/}
}

@book{mozilla_developer_network_js-ctypes_????,
	title = {js-ctypes},
	author = {{Mozilla Developer Network}},
	note = {https://developer.mozilla.org/en/js-ctypes}
}

@book{mozilla_developer_network_chromeworker_????,
	title = {{ChromeWorker}},
	author = {{Mozilla Developer Network}},
	note = {https://developer.mozilla.org/en/DOM/ChromeWorker}
}

@book{apple_inc._sunspider_????,
	title = {{SunSpider} {JavaScript} {Benchmark}},
	author = {{Apple Inc.}},
	note = {http://www.webkit.org/perf/sunspider/sunspider.html}
}

@book{google_v8_????,
	title = {V8 {Benchmark} {Suite}},
	author = {{Google}},
	note = {http://v8.googlecode.com/svn/data/benchmarks/v6/run.html}
}

@book{wireshark_foundation_wireshark_????,
	title = {Wireshark},
	author = {{Wireshark Foundation}},
	note = {http://www.wireshark.org/}
}

@book{simtec_limited_httpwatch_????,
	title = {{HttpWatch}},
	author = {{Simtec Limited}},
	note = {http://www.httpwatch.com/}
}

@inproceedings{sommers_active_2007,
	title = {An active measurement system for shared environments},
	booktitle = {Proc. {ACM} {IMC}},
	author = {Sommers, Joel and Barford, Paul},
	year = {2007}
}

@inproceedings{spring_scriptroute:_2003,
	title = {Scriptroute: {A} {Public} {Internet} {Measurement} {Facility}},
	booktitle = {Proc. {USENIX} {Symposium} on {Internet} {Technologies} and {Systems}},
	author = {Spring, Neil and Wetherall, David and Anderson, Tom},
	year = {2003}
}

@article{chun_planetlab:_2003,
	title = {{PlanetLab}: {An} {Overlay} {Testbed} for {Broad}-{Coverage} {Services}},
	volume = {33},
	number = {3},
	journal = {ACM SIGCOMM Computer Communication Review},
	author = {Chun, Brent and Culler, David and Roscoe, Timothy and Bavier, Andy and Peterson, Larry and Wawrzoniak, Mike and Bowman, Mic},
	month = jul,
	year = {2003}
}

@inproceedings{bischof_crowdsourcing_2011,
	title = {Crowdsourcing {ISP} {Characterization} to the {Network} {Edge}},
	booktitle = {Proc. {ACM} {SIGCOMM} {Workshop} on {Measurements} {Up} the {Stack}},
	author = {Bischof, Zachary S. and Otto, John S. and Sánchez, Mario A. and Rula, John P. and Choffnes, David R. and Bustamante, Fabián E.},
	year = {2011}
}

@inproceedings{guha_how_2008,
	title = {How {Healthy} are {Today}'s {Enterprise} {Networks}?},
	booktitle = {Proc. {ACM} {IMC}},
	author = {Guha, S. and Chandrashekar, J. and Taft, N. and Papagiannaki, D.},
	year = {2008}
}

@inproceedings{cooke_reclaiming_2006,
	title = {Reclaiming {Network}-wide {Visibility} {Using} {Ubiquitous} {Endsystem} {Monitors}},
	booktitle = {Proc. {Usenix} {Technical} {Conference}},
	author = {Cooke, E. and Mortier, R. and Donnelly, A. and Barham, P. and Isaacs, R.},
	year = {2006}
}

@inproceedings{simpson_netihome:_2004,
	title = {{NETI}@home: {A} {Distributed} {Approach} to {Collecting} {End}-to-{End} {Network} {Performance} {Measurements}},
	booktitle = {Proc. {PAM}},
	author = {Simpson, Jr., Charles Robert and Riley, George F.},
	year = {2004}
}

@inproceedings{joumblatt_hostview:_2010,
	title = {{HostView}: {Annotating} {End}-{Host} {Performance} {Measurements} with {User} {Feedback}},
	booktitle = {Proc. {ACM} {SIGMETRICS} {Workshop} on {Hot} {Topics} in {Measurement}},
	author = {Joumblatt, D. and Teixeira, R. and Chandrashekar, J. and Taft, N.},
	year = {2010}
}

@book{_measurement_????,
	title = {Measurement {Lab}},
	note = {http://www.measurementlab.net/}
}

@book{ripe_ncc_ripe_????,
	title = {{RIPE} {Atlas}},
	author = {{RIPE NCC}},
	note = {https://atlas.ripe.net/}
}

@book{lieuallen_greasemonkey_????,
	title = {Greasemonkey},
	author = {Lieuallen, Anthony and Boodman, Aaron and Sundström, Johan},
	note = {http://www.greasespot.net/}
}

@book{_privoxy_????,
	title = {Privoxy},
	note = {http://www.privoxy.org/}
}

@book{_stress_????,
	title = {Stress},
	note = {http://weather.ou.edu/apw/projects/stress/}
}

@book{_iperf_????,
	title = {Iperf},
	note = {http://iperf.sourceforge.net/}
}

@book{internet2_network_????,
	title = {Network {Diagnostic} {Tool} ({NDT})},
	author = {{Internet2}},
	note = {http://www.internet2.edu/performance/ndt/}
}

@inproceedings{mathis_pathdiag:_2008,
	title = {Pathdiag: {Automated} {TCP} {Diagnosis}},
	booktitle = {Proc. {PAM}},
	author = {Mathis, M. and Heffner, J. and O'Neil, P. and Siemsen, P.},
	year = {2008}
}

@article{bauer_understanding_2010,
	title = {Understanding broadband speed measurements},
	journal = {MITAS project white paper},
	author = {Bauer, S. and Clark, D. and Lehr, W.},
	year = {2010}
}

@inproceedings{kanuparthy_shaperprobe:_2011,
	title = {{ShaperProbe}: {End}-to-end {Detection} of {ISP} {Traffic} {Shaping} using {Active} {Methods}},
	booktitle = {Proc. {ACM} {IMC}},
	author = {Kanuparthy, Partha and Dovrolis, Constantine},
	year = {2011}
}

@article{shavitt_dimes:_2005,
	title = {{DIMES}: {Let} the {Internet} {Measure} {Itself}},
	volume = {35},
	number = {5},
	journal = {ACM SIGCOMM Computer Communication Review},
	author = {Shavitt, Yuval and Shir, Eran},
	year = {2005}
}

@inproceedings{chen_where_2009,
	title = {Where the {Sidewalk} {Ends}: {Extending} the {Internet} {AS} {Graph} {Using} {Traceroutes} {From} {P}2P {Users}},
	booktitle = {Proc. {CoNEXT}},
	author = {Chen, Kai and Choffnes, David R. and Potharaju, Rahul and Chen, Yan and Bustamante, Fabián E. and Pei, Dan and Zhao, Yao},
	year = {2009}
}

@article{paxson_end--end_1996,
	title = {End-to-end routing behavior in the {Internet}},
	journal = {Proc. ACM SIGCOMM},
	author = {Paxson, Vern},
	year = {1996}
}

@inproceedings{yee_native_2009,
	title = {Native {Client}: {A} {Sandbox} for {Portable}, {Untrusted} x86 {Native} {Code}},
	booktitle = {Proc. {IEEE} {S}\&{P}},
	author = {Yee, Bennet and Sehr, David and Dardyk, Gregory and Chen, J. Bradley and Muth, Robert and Orm, Tavis and Okasaka, Shiki and Narula, Neha and Fullagar, Nicholas and Inc, Google},
	year = {2009}
}

@inproceedings{douceur_leveraging_2008,
	title = {Leveraging legacy code to deploy desktop applications on the web},
	booktitle = {Proc. {USENIX} {OSDI}},
	author = {Douceur, John R. and Elson, Jeremy and Howell, Jon and Lorch, Jacob R.},
	year = {2008}
}

@book{wikimedia_foundation_inc._netscape_????,
	title = {Netscape {Plugin} {Application} {Programming} {Interface}},
	author = {{Wikimedia Foundation, Inc.}},
	note = {http://en.wikipedia.org/wiki/NPAPI}
}

@inproceedings{eckersley_how_2010,
	title = {How {Unique} {Is} {Your} {Web} {Browser}?},
	booktitle = {Proc. {Privacy} {Enhancing} {Technologies} {Symposium} ({PETS})},
	author = {Eckersley, P.},
	year = {2010}
}

@book{perry_torbutton_????,
	title = {Torbutton {Design} {Documentation}},
	author = {Perry, Mike},
	note = {https://www.torproject.org/torbutton/en/design/}
}

@inproceedings{aggrawal_analysis_2010,
	title = {An analysis of private browsing modes in modern browsers},
	booktitle = {Proc. {USENIX} {Security}},
	author = {Aggrawal, Gaurav and Bursztein, Elie and Jackson, Collin and Boneh, Dan},
	year = {2010}
}

@book{oracle_what_????,
	title = {What {Applets} {Can} and {Cannot} {Do}},
	author = {{Oracle}},
	note = {http://download.oracle.com/javase/tutorial/deployment/applet/security.html}
}

@inproceedings{stamm_reining_2010,
	title = {Reining in the {Web} with {Content} {Security} {Policy}},
	booktitle = {Proc. {ACM} {International} {World} {Wide} {Web} {Conference}},
	author = {Stamm, S. and Sterne, B. and Markham, G.},
	year = {2010}
}

@inproceedings{reis_detecting_2008,
	title = {Detecting in-flight page changes with web tripwires},
	booktitle = {Proc. {USENIX} {NSDI}},
	author = {Reis, C. and Gribble, S.D. and Kohno, T. and Weaver, N.C.},
	year = {2008},
	pages = {31--44}
}

@book{giammarchi_introduction_????,
	title = {An {Introduction} to {JS}-{Ctypes}},
	author = {Giammarchi, Andrea},
	note = {http://webreflection.blogspot.com/2011/09/introduction-to-js-ctypes.html}
}

@book{bugzilla__????,
	author = {{Bugzilla}},
	note = {https://bugzilla.mozilla.org/show\_bug.cgi?id=687306}
}

@book{mozilla_perfmeasurement.jsm_????,
	title = {{PerfMeasurement}.jsm},
	url = {https://developer.mozilla.org/en/JavaScript_code_modules/PerfMeasurement.jsm},
	author = {{Mozilla}}
}

@book{mozilla_signed_????,
	title = {Signed {Scripts} in {Mozilla}},
	url = {http://www.mozilla.org/projects/security/components/signed-scripts.html},
	author = {{Mozilla}}
}

@book{meketa_policy_????,
	title = {Policy file changes in {Flash} {Player} 9 and {Flash} {Player} 10},
	url = {http://www.adobe.com/devnet/flashplayer/articles/fplayer9_security.html},
	author = {Meketa, Deneb}
}

@book{yahoo!_exceptional_performance_team_this_????,
	title = {This, is boomerang},
	url = {http://yahoo.github.com/boomerang/doc/},
	author = {{Yahoo! Exceptional Performance Team}}
}

@inproceedings{janc_network_2009,
	title = {Network {Performance} {Evaluation} in a {Web} {Browser}},
	booktitle = {Proc. {IASTED} {PDCS}},
	author = {Janc, Artur and Wills, Craig and Claypool, Mark},
	year = {2009}
}

@book{janc_nettest_????,
	title = {{NetTest}},
	url = {http://code.google.com/p/nettest/},
	author = {Janc, Artur}
}

@book{kambala_speed_????,
	title = {Speed metrics in {Google} {Analytics}},
	url = {http://googlecode.blogspot.com/2011/12/speed-metrics-in-google-analytics.html},
	author = {Kambala, Satish}
}

@book{_netem_????,
	title = {netem},
	note = {http://www.linuxfoundation.org/collaborate/workgroups/networking/netem}
}

@inproceedings{barth_protecting_2010,
	title = {Protecting browsers from extension vulnerabilities},
	booktitle = {Proc. {NDSS}},
	author = {Barth, A. and Felt, A.P. and Saxena, P. and Boodman, A.},
	year = {2010}
}

@article{jackson_protecting_2009,
	title = {Protecting browsers from {DNS} rebinding attacks},
	volume = {3},
	number = {1},
	journal = {ACM Transactions on the Web (TWEB)},
	author = {Jackson, C. and Barth, A. and Bortz, A. and Shao, W. and Boneh, D.},
	year = {2009},
	pages = {2}
}

@inproceedings{lam_puppetnets:_2006,
	title = {Puppetnets: misusing web browsers as a distributed attack infrastructure},
	booktitle = {Proc. {ACM} {CCS}},
	author = {Lam, VT and Antonatos, S. and Akritidis, P. and Anagnostakis, K.G.},
	year = {2006}
}

@book{ullrich_javascript_????,
	title = {Javascript {DDoS} {Tool} {Analysis}},
	url = {http://isc.sans.org/diary/Javascript+DDoS+Tool+Analysis/12442},
	author = {Ullrich, Johannes}
}

@inproceedings{kreibich_experiences_2011,
	address = {Toronto, Ontario, Canada},
	title = {Experiences from {Netalyzr} with engaging users in end-system measurement},
	isbn = {978-1-4503-0800-7},
	url = {http://doi.acm.org/10.1145/2018602.2018609},
	doi = {http://doi.acm.org/10.1145/2018602.2018609},
	booktitle = {Proc. {ACM} {SIGCOMM} {Workshop} on {Measurements} {Up} the {Stack}},
	author = {Kreibich, Christian and Weaver, Nicholas and Maier, Gregor and Nechaev, Boris and Paxson, Vern},
	year = {2011},
	keywords = {edge-network monitoring, netalyzr, network troubleshooting, user feedback}
}

@book{kingsley-hughes_flashback_2012,
	title = {Flashback {Malware} {Worth} {Up} {To} \$10,000 {A} {Day} {To} {Criminals}},
	url = {http://www.forbes.com/sites/adriankingsleyhughes/2012/05/01/flashback-malware-worth-up-to-10000-a-day-to-criminals/},
	author = {Kingsley-Hughes, Adrian},
	month = may,
	year = {2012}
}

@book{mitre.org_cve-2012-4681_????,
	title = {{CVE}-2012-4681},
	url = {http://cve.mitre.org/cgi-bin/cvename.cgi?name=2012-4681},
	author = {{Mitre.org}}
}

@book{fireeye_zero-day_????,
	title = {Zero-{Day} {Season} is {Not} {Over} {Yet}},
	author = {{FireEye}},
	note = {Published:  http://blog.fireeye.com/research/2012/08/zero-day-season-is-not-over-yet.html}
}

@inproceedings{mickens_rivet:_2012,
	address = {Boston, MA},
	title = {Rivet: {Browser}-agnostic {Remote} {Debugging} for {Web} {Applications}},
	url = {http://dl.acm.org/citation.cfm?id=2342821.2342851},
	booktitle = {Proc. {USENIX} {ATC}},
	author = {Mickens, James},
	year = {2012},
	pages = {30--38}
}

@inproceedings{felt_how_2012,
	title = {How to {Ask} {For} {Permission}},
	booktitle = {Proc. {USENIX} {Workshop} on {Hot} {Topics} in {Security}},
	author = {Felt, Adrienne Porter and Egelman, Serge and Finifter, Matthew and Akhawe, Devdatta and Wagner, David},
	year = {2012}
}

@inproceedings{dicioccio_probe_2012,
	address = {Vienna, Austria},
	title = {Probe and {Pray}: {Using} {UPnP} for {Home} {Network} {Measurements}},
	booktitle = {Passive and {Active} {Measurement} {Conference} ({PAM})},
	author = {DiCioccio, Lucas and Teixeira, Renata and May, Martin and Kreibich, Christian},
	month = mar,
	year = {2012}
}

@book{mozilla_testpilot_tab_????,
	title = {Tab {Switch} {Study}},
	url = {https://testpilot.mozillalabs.com/testcases/tab-switch-study},
	author = {{Mozilla TestPilot}}
}

@inproceedings{dhawan_fathom:_2012,
	title = {Fathom: {A} {Browser}-based {Network} {Measurement} {Platform}},
	booktitle = {Proc. {ACM} {IMC}},
	author = {Dhawan, M. and Samuel, J. and Teixeira, R. and Kreibich, C. and Allman, M. and Weaver, N. and Paxson, V.},
	year = {2012}
}

@inproceedings{li_appraising_2013,
	title = {Appraising the {Delay} {Accuracy} in {Browser}-based {Network} {Measurement}},
	booktitle = {Proc. {ACM} {IMC}},
	author = {Li, W. and Mok, R. K. P. and Chang, R. K. C. and Fok, W. W. T.},
	year = {2013}
}

@inproceedings{sanchez_dasu:_2013,
	title = {Dasu: {Pushing} {Experiments} to the {Internet}'s {Edge}},
	booktitle = {Proc. {USENIX} {NSDI}},
	author = {Sánchez, Mario A. and Otto, John S. and Bischof, Zachary S. and Choffnes, David R. and Bustamante, Fabián E. and Krishnamurthy, Balachander and Willinger, Walter},
	year = {2013}
}

@inproceedings{sundaresan_bismark:_2014,
	title = {{BISmark}: {A} {Testbed} for {Deploying} {Measurements} and {Applications} in {Broadband} {Access} {Networks}},
	booktitle = {Proc. {USENIX} {ATC}},
	author = {Sundaresan, S. and Burnett, S. and Donato, W. de and Feamster, N.},
	year = {2014}
}

@inproceedings{dischinger_satellitelab:_2008,
	title = {{SatelliteLab}: {Adding} {Heterogeneity} to {Planetary}-{Scale} {Testbeds}},
	booktitle = {Proc. {ACM} {SIGCOMM}},
	author = {Dischinger, Marcel and Haeberlen, Andreas and Beschastnikh, Ivan and Gummadi, Krishna P. and Saroiu, Stefan},
	year = {2008}
}

@inproceedings{holterbach_quantifying_2015,
	title = {Quantifying {Interference} {Between} {Measurements} on the {RIPE} {Atlas} {Platform}},
	booktitle = {Proc. {ACM} {IMC}},
	author = {Holterbach, Thomas and Pelsser, Cristel and Bush, Randy and Vanbever, Laurent},
	year = {2015}
}

@book{r._jesup_webrtc_2015,
	title = {{WebRTC} {Data} {Channels}},
	url = {https://tools.ietf.org/html/draft-ietf-rtcweb-data-channel-13},
	urldate = {2016-05-09},
	author = {{R. Jesup} and {S. Loreto} and {M. Tuexen}},
	month = jul,
	year = {2015},
	note = {https://tools.ietf.org/html/draft-ietf-rtcweb-data-channel-13}
}

@book{r._jesup_info:_2011,
	title = {{INFO}: {Winsock} {TCP} {Connection} {Performance} to {Unused} {Ports}},
	url = {https://support.microsoft.com/en-us/kb/175523},
	urldate = {2016-05-10},
	author = {{R. Jesup} and {S. Loreto} and {M. Tuexen}},
	month = apr,
	year = {2011},
	note = {https://support.microsoft.com/en-us/kb/175523}
}

@book{alexa_top_2016,
	title = {Top {Sites} in {France}},
	url = {http://www.alexa.com/topsites/countries/FR},
	urldate = {2016-05-10},
	author = {{Alexa}},
	month = may,
	year = {2016},
	note = {http://www.alexa.com/topsites/countries/FR}
}

@book{_multiprocess_2016,
	title = {Multiprocess {Firefox}},
	url = {https://developer.mozilla.org/en-US/docs/Mozilla/Firefox/Multiprocess_Firefox},
	abstract = {In current versions of desktop Firefox, the entire browser runs in a single operating system process. In particular, the JavaScript that runs the browser UI (also known as "chrome code") runs in the same process as the code in web pages (also known as "content" or "web content"). Future versions of Firefox will run the browser UI in a separate process from web content. In the first iteration of this architecture, all browser tabs will run in the same process and the browser UI will run in a different process. In future iterations, we expect to have more than one content process. The project that's delivering multiprocess Firefox is called Electrolysis, sometimes abbreviated to e10s.},
	urldate = {2016-05-10},
	month = feb,
	year = {2016},
	note = {https://developer.mozilla.org/en-US/docs/Mozilla/Firefox/Multiprocess\_Firefox},
	file = {Snapshot:/Users/max/Library/Application Support/Zotero/Profiles/s8qdhoal.default/zotero/storage/9ZAKRAMF/Multiprocess_Firefox.html:text/html}
}

@book{_multi-process_2008,
	title = {Multi-process {Architecture}},
	url = {http://blog.chromium.org/2008/09/multi-process-architecture.html},
	urldate = {2016-05-10},
	month = sep,
	year = {2008},
	note = {http://blog.chromium.org/2008/09/multi-process-architecture.html},
	file = {Snapshot:/Users/max/Library/Application Support/Zotero/Profiles/s8qdhoal.default/zotero/storage/3JBRHAXM/multi-process-architecture.html:text/html}
}

@book{andrea_denzler_true_2006,
	title = {True {Ping}},
	url = {http://www.andreaplanet.com/tping/},
	urldate = {2016-05-10},
	author = {{Andrea Denzler}},
	year = {2006},
	note = {http://www.andreaplanet.com/tping/}
}

@book{ookla_speedtest_????,
	title = {Speedtest},
	url = {http://www.speedtest.net/},
	author = {{Ookla}}
}

@book{carlson_network_????,
	title = {Network {Diagnostic} {Tool}},
	url = {https://www.measurementlab.net/tools/ndt/},
	author = {Carlson, Richard}
}

@inproceedings{kreibich_netalyzr:_2010-1,
	title = {Netalyzr: {Illuminating} {The} {Edge} {Network}},
	booktitle = {Proc. {ACM} {IMC}},
	author = {Kreibich, Christian and Weaver, Nicholas and Nechaev, Boris and Paxson, Vern},
	year = {2010}
}

@book{w3c_xmlhttprequest_????,
	title = {{XMLHttpRequest} {API}},
	url = {https://xhr.spec.whatwg.org/},
	author = {{W3C}}
}

@book{w3c_websocket_????,
	title = {{WebSocket} {API}},
	url = {https://www.w3.org/TR/websockets/},
	author = {{W3C}}
}

@book{w3c_webrtc_????,
	title = {{WebRTC} {API}},
	url = {https://w3c.github.io/webrtc-pc/},
	author = {{W3C}}
}

@book{w3c_cors_????,
	title = {{CORS}},
	url = {https://www.w3.org/TR/cors/},
	author = {{W3C}}
}

@book{ieee_rfc4960:_????,
	title = {{RFC}4960: {Stream} {Control} {Transmission} {Protocol}},
	url = {https://tools.ietf.org/html/rfc4960},
	author = {{IEEE}}
}

@book{ieee_rfc4347:_????,
	title = {{RFC}4347: {Datagram} {Transport} {Layer} {Security}},
	url = {https://tools.ietf.org/html/rfc4347},
	author = {{IEEE}}
}

@book{socket.io_socket.io_????,
	title = {Socket.io},
	url = {http://socket.io/},
	author = {{Socket.io}}
}

@article{gavaletz_-browser_2012,
	title = {In-browser network performance measurement},
	journal = {IEEE Trans. Parallel Distrib. Comput. Syst},
	author = {Gavaletz, Eric and Hamon, Dominic and Kaur, Jasleen},
	year = {2009}
}

@book{node.js_node.js_2016,
	title = {Node.js},
	url = {https://nodejs.org},
	author = {{Node.js}},
	year = {2016}
}

@misc{groot_address_1996,
	title = {Address {Allocation} for {Private} {Internets}},
	url = {https://tools.ietf.org/html/rfc1918},
	urldate = {2016-08-13},
	author = {Groot, Geert Jan de and Rekhter, Yakov and Karrenberg, Daniel and Lear, Eliot},
	year = {1996},
	file = {Snapshot:/Users/max/Library/Application Support/Zotero/Profiles/s8qdhoal.default/zotero/storage/SUPJH7CN/rfc1918.html:text/html}
}

@misc{zhang_iab_2010,
	title = {{IAB} {Thoughts} on {IPv}6 {Network} {Address} {Translation}},
	url = {https://tools.ietf.org/html/rfc5902},
	urldate = {2016-08-13},
	author = {Zhang, Lixia and Lebovitz, Gregory and Thaler, Dave},
	year = {2010},
	file = {Snapshot:/Users/max/Library/Application Support/Zotero/Profiles/s8qdhoal.default/zotero/storage/28P4S3NT/rfc5902.html:text/html}
}

@misc{narten_ipv6_2011,
	title = {{IPv}6 {Address} {Assignment} to {End} {Sites}},
	url = {https://tools.ietf.org/html/rfc6177},
	urldate = {2016-08-13},
	author = {Narten, Thomas and Huston, Geoff and University, Stanford},
	year = {2011},
	file = {Snapshot:/Users/max/Library/Application Support/Zotero/Profiles/s8qdhoal.default/zotero/storage/SGR65TEX/rfc6177.html:text/html}
}

@book{ripe_understanding_2015,
	title = {Understanding {IP} {Addressing} and {CIDR} {Charts}},
	url = {https://www.ripe.net/about-us/press-centre/understanding-ip-addressing},
	author = {{RIPE}},
	year = {2015}
}

@techreport{handley_sdp:_2006,
	title = {{SDP}: {Session} {Description} {Protocol}},
	shorttitle = {{SDP}},
	url = {https://www.rfc-editor.org/info/rfc4566},
	language = {en},
	number = {RFC4566},
	urldate = {2016-08-14},
	institution = {RFC Editor},
	author = {Handley, M. and Jacobson, V. and Perkins, C.},
	month = jul,
	year = {2006}
}

@techreport{rosenberg_offer/answer_2002,
	title = {An {Offer}/{Answer} {Model} with {Session} {Description} {Protocol} ({SDP})},
	url = {https://www.rfc-editor.org/info/rfc3264},
	language = {en},
	number = {RFC3264},
	urldate = {2016-08-14},
	institution = {RFC Editor},
	author = {Rosenberg, J. and Schulzrinne, H.},
	month = jun,
	year = {2002}
}

@techreport{crocker_augmented_2008,
	title = {Augmented {BNF} for {Syntax} {Specifications}: {ABNF}},
	shorttitle = {Augmented {BNF} for {Syntax} {Specifications}},
	url = {https://www.rfc-editor.org/info/rfc5234},
	language = {en},
	number = {RFC5234},
	urldate = {2016-08-14},
	institution = {RFC Editor},
	author = {Crocker, D. and Overell, P.},
	month = jan,
	year = {2008}
}

@techreport{bradner_key_1997,
	title = {Key words for use in {RFCs} to {Indicate} {Requirement} {Levels}},
	url = {https://www.rfc-editor.org/info/rfc2119},
	language = {en},
	number = {RFC2119},
	urldate = {2016-08-14},
	institution = {RFC Editor},
	author = {Bradner, S.},
	month = mar,
	year = {1997}
}

@techreport{stewart_stream_2007,
	title = {Stream {Control} {Transmission} {Protocol}},
	url = {https://www.rfc-editor.org/info/rfc4960},
	language = {en},
	number = {RFC4960},
	urldate = {2016-08-14},
	institution = {RFC Editor},
	author = {Stewart, R.},
	month = sep,
	year = {2007}
}

@book{k._drage_sdp-based_2016,
	title = {{SDP}-based {Data} {Channel} {Negotiation}},
	url = {https://tools.ietf.org/html/draft-ietf-mmusic-data-channel-sdpneg-09},
	urldate = {2016-08-14},
	author = {{K. Drage} and {M. Makaraju} and {J. Stoetzer-Bradler} and {R. Ejzak} and {J. Marcon}},
	year = {2016}
}

@misc{tuexen_webrtc_2015,
	title = {{WebRTC} {Data} {Channel} {Establishment} {Protocol}},
	url = {https://tools.ietf.org/html/draft-ietf-rtcweb-data-protocol-09},
	urldate = {2016-08-14},
	author = {Tuexen, Michael and Jesup, Randell and Loreto, Salvatore},
	year = {2015},
	file = {Snapshot:/Users/max/Library/Application Support/Zotero/Profiles/s8qdhoal.default/zotero/storage/AB63HVNP/draft-ietf-rtcweb-data-protocol-09.html:text/html}
}
