
@string{IEEETT = "IEEE Trans. Information Theory"}
@string{INTERNETWORK = "Journal of Internetworking: Research and Experience"}
@string{IJDACS = "International Journal on Digital and Analog Communication Systems"}
@string{IJCS = "International Journal on Communication Systems"}
@string{ACMTCS = "ACM Trans. Computer Systems"}
@string{JACM = "J. of the ACM"}
@string{MTA = "Multimedia Tools and Applications"}
@string{CC = "Computer Communications"}
@string{IPJ = "Internet Protocol Journal"}
@string{IEEESURVEYS = "IEEE Communications Surveys \& Tutorials"}

%%% Magazines
@string{CACM = "Communications of the ACM"}
@string{COMPUTER = "IEEE Computer Magazine"}
@string{IEEECOM = "IEEE Communication Magazine"}
@string{IEEENET = "IEEE Network Magazine"}
@string{CCR = "ACM SIGCOMM Computer Communication Review"}

%%% Conferences
@string{CCS = "Proc. ACM CCS"}
@string{CONEXT = "Proc. CoNEXT"}
@string{COMSNETS = "Proc. COMSNETS"}
@string{FDNA = "Proc. ACM SIGCOMM Workshop on Future Directions in Network Architecture"}
@string{FTCS = "Proc. International Symposium on Fault-Tolerant Computing"}
@string{GINET = "Proc. IEEE Global Internet Symposium"}
@string{GLOBECOM = "Proc. IEEE GLOBECOM"}
@string{HomeNets = "Proc. ACM SIGCOMM Workshop on Home Networks"}
@string{HOTMETRICS = "Proc. ACM SIGMETRICS Workshop on Hot Topics in Measurement"}
@string{HotNets = "Proc. SIGCOMM Workshop on Hot Topics in Networking"}
@string{HotSec = "Proc. USENIX Workshop on Hot Topics in Security"}
@string{HSNMC="Proc. High Speed Networking and Multimedia Computing Symp."}
@string{ICNP = "Proc. International Conference on Network Protocols"}
@string{ICC = "Proc. International Conference on Communications"}
@string{ICDCS = "Proc. International Conference on Distributed Computing Systems"}
@string{IMW = "Proc. Internet Measurement Workshop"}
@string{IMC = "Proc. ACM IMC"}
@string{INET = "Proc. INET"}
@string{INFOCOM = "Proc. IEEE INFOCOM"}
@string{ITCOM = "Proc. Workshop on Scalability and Traffic Control in IP Networks, SPIE ITCOM Conference"}
@string{NDSS = "Proc. NDSS"}
@string{NSDI = "Proc. USENIX NSDI"}
@string{OAKLAND = "Proc. IEEE S\&P"}
@string{OSDI = "Proc. USENIX OSDI"}
@string{PAM = "Proc. PAM"}
@string{PDCS = "Proc. IASTED PDCS"}
@string{PETS = "Proc. Privacy Enhancing Technologies Symposium (PETS)"}
@string{SIGCOMM = "Proc. ACM SIGCOMM"}
@string{SIGMETRICS = "Proc. ACM SIGMETRICS"}
@string{USENIXSEC = "Proc. USENIX Security"}
@string{USENIXATC = "Proc. USENIX ATC"}
@string{USENIXTECHNICAL = "Proc. Usenix Technical Conference"}
@string{USITS = "Proc. USENIX Symposium on Internet Technologies and Systems"}
@string{WMUST = "Proc. ACM SIGCOMM Workshop on Measurements Up the Stack"}
@string{WWW = "Proc. ACM International World Wide Web Conference"}

%%% Publishers
@string{AW="Addison-Wesley"}
@string{CP="Cisco Press"}
@string{PH="Prentice Hall"}
@string{OR="O'Reilly"}

%%% Standards
@string{IETF = "IETF"}
@string{RFC = "RFC"}

@InProceedings{ icsi10netalyzr,
  author = 	 { Christian Kreibich and Nicholas Weaver and Boris Nechaev and Vern Paxson },
  title = 	 { {Netalyzr}: Illuminating The Edge Network },
  booktitle =	 IMC,
  year =	 2010
}

@inproceedings{dischinger-2010-glasnost,
  author =       { Marcel Dischinger and Massimiliano Marcon and Saikat Guha and Krishna P. Gummadi and Ratul Mahajan and Stefan Saroiu },
  title =        { {Glasnost}: Enabling End Users to Detect Traffic Differentiation },
  year =         2010,
  booktitle =    NSDI
}

@inproceedings{papageorge:sigcomm2009,
 author =        { Pavlos Papageorge and Justin McCann and Michael Hicks },
 title =         { Passive Aggressive Measurement with {MGRP} },
 year =          2009,
 booktitle =     SIGCOMM
}

@InProceedings{butkiewicz:imc11 ,
  author = 	 { Michael Butkiewicz and Harsha V. Madhyastha and Vyas Sekar },
  title = 	 { Understanding Website Complexity: Measurements, Metrics, and Implications },
  booktitle =	 IMC,
  year =	 2011
  }

@InProceedings{cui:homenets11,
  author = 	 { Heng Cui and Ernst Biersack },
  title = 	 { Trouble shooting interactive Web sessions in a home environment },
  booktitle =	 HomeNets,
  year =	 2011
}

@InProceedings{agarwal:comsnets10,
  author = 	 { Sharad Agarwal  and  Prashanth Mohan and  Nikitas Liogkas and  Venkat Padmanabhan },
  title = 	 { {Webprofiler}: cooperative diagnosis of web failures },
  booktitle =	 COMSNETS,
  year =	 2010
}

@InProceedings{padmanabhan:conext06,
  author = 	 { Venkata N. Padmanabhan and Sriram Ramabhadran and Sharad Agarwal and Jitendra Padhye },
  title = 	 { A study of end-to-end web access failures },
  booktitle =	 CONEXT,
  year =	 2006
}

@InProceedings{wan:wmust11,
  author = 	 { Xiao Sophia Wang and David Choffnes and Patrick Gage Kelley and Ben Greenstein and David Wetherall },
  title = 	 { Measuring and Predicting Web Login Safety },
  booktitle =	 WMUST,
  year =	 2011
}


@MISC{internetworldstats,
  author =       { {Miniwatts Marketing Group} },
  title =        { Internet World Statistics },
  NOTE =         "\url{http://www.internetworldstats.com/stats.htm}",
}

@MISC{gmapsforum,
  author =       { Google },
  title =        { {Google Maps} Help Forum },
  NOTE =         "\url{http://www.google.com/support/forum/p/maps/thread?tid=24f446d4cc24d07a}",
}

@MISC{gmaps,
  author =       { Google },
  title =        { {Google Maps} },
  NOTE =         "\url{http://maps.google.com/}",
}

@MISC{upnp,
  author =       { {UPnP Forum} },
  title =        { {Universal Plug and Play} },
  NOTE =         "\url{http://www.upnp.org/}",
}

@MISC{upnp-igd,
  author =       { {UPnP Forum} },
  title =        { {Internet Gateway Device (IGD) V 2.0} },
  howpublished = {\url{http://upnp.org/specs/gw/igd2}}
}

@MISC{mdns,
  key =          { Multicast {DNS} },
  title =        { Multicast {DNS} },
  NOTE =         "\url{http://www.multicastdns.org/}",
}

@MISC{firebug,
  author =       { Mozilla },
  title =        { Firebug },
  NOTE =         "\url{http://getfirebug.com/}",
}

@MISC{dynatrace,
  author =       { {dynaTrace Software} },
  title =        { Diagnose and Prevent {AJAX} Performance Issues },
  NOTE =         "\url{http://ajax.dynatrace.com/}",
}

@MISC{fourthparty,
  key =          { {FourthParty} },
  title =        { {FourthParty} },
  NOTE =         "\url{http://fourthparty.info/}",
}

@MISC{postMessage,
  author =       { {W3C} },
  title =        { {postMessage} },
  NOTE =         "\url{http://www.w3.org/TR/html5/comms.html#dom-window-postmessage-2}",
}

@MISC{navigationTiming,
  author =       { {W3C} },
  title =        { Navigation Timing, Editor's Draft November 14th, 2011 },
  howpublished = {\url{https://dvcs.w3.org/hg/webperf/raw-file/tip/specs/NavigationTiming/Overview.html}}
}

@MISC{xpcom,
  author =       { {Mozilla Developer Network} },
  title =        { {XPCOM} },
  NOTE =         "\url{https://developer.mozilla.org/en/XPCOM}",
}

@MISC{nspr,
  author =       { Mozilla },
  title =        { {Netscape Portable Runtime} },
  NOTE =         "\url{http://www.mozilla.org/projects/nspr/}",
}

@MISC{jsctypes,
  author =       { {Mozilla Developer Network} },
  title =        { {js-ctypes} },
  NOTE =         "\url{https://developer.mozilla.org/en/js-ctypes}",
}

@MISC{chromeworker,
  author =       { {Mozilla Developer Network} },
  title =        { {ChromeWorker} },
  NOTE =         "\url{https://developer.mozilla.org/en/DOM/ChromeWorker}",
}

@MISC{sunspider,
  author =       { {Apple Inc.} },
  title =        { {SunSpider} {JavaScript} Benchmark },
  NOTE =         "\url{http://www.webkit.org/perf/sunspider/sunspider.html}",
}

@MISC{v8,
  author =       { Google },
  title =        { {V8} Benchmark Suite },
  NOTE =         "\url{http://v8.googlecode.com/svn/data/benchmarks/v6/run.html}",
}

@MISC{wireshark,
  author =       { {Wireshark Foundation} },
  title =        { Wireshark },
  NOTE =         "\url{http://www.wireshark.org/}",
}

@MISC{httpwatch,
  author =       { {Simtec Limited} },
  title =        { {HttpWatch} },
  NOTE =         "\url{http://www.httpwatch.com/}",
}

@Inproceedings{Sommers07,
  author =       { Sommers, Joel and Barford, Paul },
  title =        { An active measurement system for shared environments },
  booktitle =    IMC,
  year =         2007
}

@Inproceedings{spring:03,
  author =       { Neil Spring and David Wetherall and Tom Anderson },
  title =        { Scriptroute: A Public {Internet} Measurement Facility },
  booktitle =    USITS,
  year =         2003
}

@Article{chun:ccr03,
  Author =       { Brent Chun and David Culler and Timothy Roscoe and Andy Bavier
                    and Larry Peterson and Mike Wawrzoniak and Mic Bowman },
  Title =        { {PlanetLab}: An Overlay Testbed for Broad-Coverage Services },
  Journal =      CCR,
  Volume =       33,
  Number =       3,
  Month =        { July },
  Year =         2003
}

@InProceedings{bischof:wmust11,
  author = 	 { Zachary S. Bischof and John S. Otto and Mario A. S\'{a}nchez and John P. Rula and David R. Choffnes and Fabi\'{a}n E. Bustamante },
  title = 	 { Crowdsourcing {ISP} Characterization to the Network Edge },
  booktitle =	 WMUST,
  year =	 2011
}

@inproceedings{Enterprise-health08,
  Author =       { S. Guha and J. Chandrashekar and N. Taft and D. Papagiannaki },
  Title =        { How Healthy are Today's Enterprise Networks? },
  BookTitle =    IMC,
  Year =         2008
}

@inproceedings{usenix-endhosts,
  AUTHOR =       { E. Cooke and R. Mortier and A. Donnelly and P. Barham and R. Isaacs },
  TITLE =        { Reclaiming Network-wide Visibility Using Ubiquitous Endsystem Monitors },
  BOOKTITLE =    USENIXTECHNICAL,
  YEAR =         2006
}

@inproceedings{NETI,
  author =       { Simpson, Jr., Charles Robert and George F. Riley },
  title =        { {NETI@home}: A Distributed Approach to Collecting End-to-End Network Performance Measurements },
  booktitle =    PAM,
  year =         2004
}

@inproceedings{hostview:hotmetrics10,
  author =       { D. Joumblatt and R. Teixeira and J. Chandrashekar and N. Taft },
  title =        { {HostView}: Annotating End-Host Performance Measurements with User Feedback },
  booktitle =    HOTMETRICS,
  year =         2010
}

@MISC{m-lab,
  key =          { {Measurement Lab} },
  title =        { {Measurement Lab} },
  NOTE =         "\url{http://www.measurementlab.net/}",
}


@MISC{ripe-atlas,
  author =          { {RIPE NCC} },
  title =        { {RIPE Atlas} },
  NOTE =         "\url{https://atlas.ripe.net/}",
}

@MISC{greasemonkey,
  author =       { Anthony Lieuallen and Aaron Boodman and Johan Sundstr\"{o}m },
  title =        { Greasemonkey },
  NOTE =         "\url{http://www.greasespot.net/}",
}

@MISC{privoxy,
  key =          { Privoxy },
  title =        { Privoxy },
  NOTE =         "\url{http://www.privoxy.org/}",
}

// this url isn't working
@MISC{stress,
  key =          { Stress },
  title =        { Stress },
  NOTE =         "\url{http://weather.ou.edu/apw/projects/stress/}",
}

@MISC{iperf,
  key =          { Iperf },
  title =        { Iperf },
  NOTE =         "\url{http://iperf.sourceforge.net/}"
}

@MISC{NDT,
  author =       { Internet2 },
  title =        { {Network Diagnostic Tool (NDT)} },
  NOTE =         "\url{http://www.internet2.edu/performance/ndt/}"
}

@inproceedings{mathis:pam08,
  author =       { M. Mathis and J. Heffner and P. O'Neil and P. Siemsen },
  title =        { Pathdiag: Automated {TCP} Diagnosis },
  booktitle =    PAM,
  year =         2008
}


@article{ubsm,
  author =       { S. Bauer and  D. Clark and W. Lehr },
  title =        { Understanding broadband speed measurements },
  journal =      { {MITAS} project white paper },
  year =         2010
}

@inproceedings{kanuparthy:imc11,
  author =       { Partha Kanuparthy and Constantine Dovrolis },
  title =        { {ShaperProbe}: End-to-end Detection of {ISP} Traffic Shaping using Active Methods },
  booktitle =    IMC,
  year =         2011
}

@article{dimes,
  author =       { Yuval Shavitt and Eran Shir },
  title =        { {DIMES}: Let the {Internet} Measure Itself },
  journal =      CCR,
  volume =       {35},
  number =       {5},
  year =         2005
}

@inproceedings{chen:conext09,
  author =      { Kai Chen and David R. Choffnes and Rahul Potharaju and Yan Chen and Fabi\'{a}n E. Bustamante and Dan Pei and Yao Zhao },
  title =       { Where the Sidewalk Ends: Extending the {Internet} {AS} Graph Using Traceroutes From {P2P} Users },
  booktitle =   CONEXT,
  year =        2009
}

@article{paxson:sigcomm96,
  author =      { Vern Paxson },
  title =       { End-to-end routing behavior in the {Internet} },
  journal =     SIGCOMM,
  year =        1996
}

@INPROCEEDINGS{nativeclient,
  author =      { Bennet Yee and David Sehr and Gregory Dardyk and J. Bradley Chen
                  and Robert Muth and Tavis Orm and Shiki Okasaka and Neha Narula and Nicholas
                  Fullagar and Google Inc. },
  title =       { {Native Client}: A Sandbox for Portable, Untrusted x86 Native Code },
  booktitle =   OAKLAND,
  year =        2009
}

@inproceedings{xax,
  author =      { Douceur, John R. and Elson, Jeremy and Howell, Jon and Lorch, Jacob R.},
  title =       { Leveraging legacy code to deploy desktop applications on the web },
  booktitle =   OSDI,
  year =        2008
}

@MISC{npapi,
  author =      { {Wikimedia Foundation, Inc.} },
  title =       { {Netscape Plugin Application Programming Interface} },
  NOTE =        "\url{http://en.wikipedia.org/wiki/NPAPI}"
}

@inproceedings{fingerprinting,
  title =       { How Unique Is Your Web Browser? },
  author =      { Eckersley, P. },
  booktitle =   PETS,
  year =        2010
}

@misc{torbutton,
  author =      { Mike Perry },
  title =       { {Torbutton} Design Documentation },
  note =        "\url{https://www.torproject.org/torbutton/en/design/}"
}

@inproceedings{privatebrowsing,
  author =      { Gaurav Aggrawal and Elie Bursztein and Collin Jackson and Dan Boneh },
  title =       { An analysis of private browsing modes in modern browsers },
  booktitle =   USENIXSEC,
  year =        2010
}

@misc{java-applet-security,
  author =      { Oracle },
  title =       { What Applets Can and Cannot Do },
  note  =       "\url{http://download.oracle.com/javase/tutorial/deployment/applet/security.html}"
}

@inproceedings{CSP,
  author =      { Stamm, S. and Sterne, B. and Markham, G. },
  title =       { Reining in the Web with {Content Security Policy} },
  booktitle =   WWW,
  year =        2010
}

@inproceedings{reis2008detecting,
  title={Detecting in-flight page changes with web tripwires},
  author={Reis, C. and Gribble, S.D. and Kohno, T. and Weaver, N.C.},
  booktitle=NSDI,
  pages={31--44},
  year={2008}
}

@misc{jsctypes_blog,
  author =      { Andrea Giammarchi },
  title =       { An Introduction to JS-Ctypes },
  note  =
"\url{http://webreflection.blogspot.com/2011/09/introduction-to-js-ctypes.html}"
}

@misc{jsctypes_bugzilla,
  author =      { Bugzilla },
  title =       { },
  note  =
"\url{https://bugzilla.mozilla.org/show_bug.cgi?id=687306}"
}

@misc{perfmeasurement_mozilla,
  author = {Mozilla},
  title = "PerfMeasurement.jsm",
  howpublished = "\url{https://developer.mozilla.org/en/JavaScript_code_modules/PerfMeasurement.jsm}"
}

@misc{codesigning_mozilla,
  author = {Mozilla},
  title = {{Signed Scripts in Mozilla}},
  howpublished = "\url{http://www.mozilla.org/projects/security/components/signed-scripts.html}"
}

@misc{flash_policy_files,
  author = {Deneb Meketa},
  title = {{Policy file changes in Flash Player 9 and Flash Player 10}},
  howpublished = "\url{http://www.adobe.com/devnet/flashplayer/articles/fplayer9_security.html}"
}

@misc{boomerang,
  author = {{Yahoo! Exceptional Performance Team}},
  title = {This, is boomerang},
  howpublished = {\url{http://yahoo.github.com/boomerang/doc/}}
}


@InProceedings{janc09pdcs,
  author = 	 {Artur Janc and Craig Wills and Mark Claypool},
  title = 	 {Network Performance Evaluation in a Web Browser },
  booktitle =	 PDCS,
  year =	 2009
}

@misc{janc09nettest,
  author = {Artur Janc},
  title = {NetTest},
  howpublished = {\url{http://code.google.com/p/nettest/}}
}

@misc{analytics_speedmetrics,
  author = {Satish Kambala},
  title = {{Speed metrics in Google Analytics}},
  howpublished = {\url{http://googlecode.blogspot.com/2011/12/speed-metrics-in-google-analytics.html}}
}

@MISC{netem,
  key =          { netem },
  title =        { netem },
  NOTE =
"\url{http://www.linuxfoundation.org/collaborate/workgroups/networking/netem}"
}

@inproceedings{barth2010protecting,
  title = {Protecting browsers from extension vulnerabilities},
  author = {Barth, A. and Felt, A.P. and Saxena, P. and Boodman, A.},
  booktitle = NDSS,
  year = {2010}
}

@article{jackson2009protecting,
  title={{Protecting browsers from DNS rebinding attacks}},
  author={Jackson, C. and Barth, A. and Bortz, A. and Shao, W. and Boneh, D.},
  journal={ACM Transactions on the Web (TWEB)},
  volume={3},
  number={1},
  pages={2},
  year={2009},
  publisher={ACM}
}

@inproceedings{lam2006puppetnets,
  title={Puppetnets: misusing web browsers as a distributed attack infrastructure},
  author={Lam, VT and Antonatos, S. and Akritidis, P. and Anagnostakis, K.G.},
  booktitle = CCS,
  year={2006}
}

@misc{loic,
  title = {{Javascript DDoS Tool Analysis}},
  author = {Johannes Ullrich},
  howpublished = {\url{http://isc.sans.org/diary/Javascript+DDoS+Tool+Analysis/12442}}
}

@inproceedings{Kreibich:2011:ENE:2018602.2018609,
 author = {Kreibich, Christian and Weaver, Nicholas and Maier, Gregor and
Nechaev, Boris and Paxson, Vern},
 title = {{Experiences from Netalyzr with engaging users in end-system
measurement}},
 booktitle = WMUST,
 year = {2011},
 isbn = {978-1-4503-0800-7},
 location = {Toronto, Ontario, Canada},
 numpages = {6},
 url = {http://doi.acm.org/10.1145/2018602.2018609},
 doi = {http://doi.acm.org/10.1145/2018602.2018609},
 acmid = {2018609},
 keywords = {edge-network monitoring, netalyzr, network troubleshooting, user
feedback},
}

@Misc{forbes12flashback,
  author =	 {Adrian Kingsley-Hughes},
  title =	 {{Flashback Malware Worth Up To \$10,000 A Day To Criminals}},
  howpublished = {\url{http://www.forbes.com/sites/adriankingsleyhughes/2012/05/01/flashback-malware-worth-up-to-10000-a-day-to-criminals/}},
  month =	 {May},
  year =	 {2012},
}

@misc{cve_java,
  title = {CVE-2012-4681},
  author = {Mitre.org},
  howpublished = {\url{http://cve.mitre.org/cgi-bin/cvename.cgi?name=2012-4681}}
}

@misc{fireeye,
  title = {Zero-Day Season is Not Over Yet},
  author = {FireEye},
  howpublished =
{\url{
http://blog.fireeye.com/research/2012/08/zero-day-season-is-not-over-yet.html}}
}

@inproceedings{rivet,
 author = {Mickens, James},
 title = {{Rivet: Browser-agnostic Remote Debugging for Web Applications}},
 booktitle = {Proc. USENIX ATC},
 year = {2012},
 location = {Boston, MA},
 pages = {30--38},
 numpages = {1},
 url = {http://dl.acm.org/citation.cfm?id=2342821.2342851},
 acmid = {2342851},
}

@inproceedings{felt12howtoask,
 title = {{How to Ask For Permission}},
 author = {Adrienne Porter Felt and Serge Egelman and Matthew Finifter and Devdatta Akhawe and David Wagner},
 booktitle = HotSec,
 year = 2012,
}

@InProceedings{ dtmk12upnp,
  author =       { Lucas DiCioccio and Renata Teixeira and Martin May and Christian Kreibich },
  title =        {{Probe and Pray: Using UPnP for Home Network Measurements}},
  booktitle =    {{Passive and Active Measurement Conference (PAM)}},
  year =         {2012},
  address =      {Vienna, Austria},
  month =        {March}
}

@misc{testpilot10tabswitch,
  title = {{Tab Switch Study}},
  author = {{Mozilla TestPilot}},
  howpublished = {\url{https://testpilot.mozillalabs.com/testcases/tab-switch-study}}
}

@InProceedings{fathom,
  author =       {M. Dhawan and J. Samuel and R. Teixeira and C. Kreibich and M. Allman and N. Weaver and V. Paxson},
  title =        {{Fathom: A Browser-based Network Measurement Platform}},
  booktitle =    IMC,
  year =         {2012}
}

@InProceedings{li:imc2013,
  author =       {W. Li and R. K. P. Mok and R. K. C. Chang and W. W. T. Fok},
  title =        {{Appraising the Delay Accuracy in Browser-based Network Measurement}},
  booktitle =    IMC,
  year =         {2013}
}

@InProceedings{dasu,
  author =       {Mario A. S\'{a}nchez and John S. Otto and  Zachary S. Bischof and David R. Choffnes and Fabi\'{a}n E. Bustamante and Balachander Krishnamurthy and Walter Willinger},
  title =        {{Dasu: Pushing Experiments to the Internet's Edge}},
  booktitle =    NSDI,
  year =         {2013}
}

@InProceedings{bismark,
  author =       {S. Sundaresan and S. Burnett and W. de Donato and N. Feamster},
  title =        {{BISmark: A Testbed for Deploying Measurements and Applications in Broadband Access Networks}},
  booktitle =    USENIXATC,
  year =         {2014}
}

@InProceedings{satellitelab,
  author =       {Marcel Dischinger and Andreas Haeberlen and Ivan Beschastnikh and Krishna P. Gummadi and Stefan Saroiu},
  title =        {{SatelliteLab: Adding Heterogeneity to Planetary-Scale Testbeds}},
  booktitle =    SIGCOMM,
  year =         {2008}
}

@InProceedings{holterbach:2015,
  author =       {Thomas Holterbach and Cristel Pelsser and Randy Bush and Laurent Vanbever},
  title =        {{Quantifying Interference Between Measurements on the RIPE Atlas Platform}},
  booktitle =    IMC,
  year =         {2015}
}
}

@Misc{r._jesup_webrtc_2015,
	title = {{WebRTC} {Data} {Channels}},
	url = {https://tools.ietf.org/html/draft-ietf-rtcweb-data-channel-13},
  NOTE = "\url{https://tools.ietf.org/html/draft-ietf-rtcweb-data-channel-13}",
	urldate = {2016-05-09},
	author = {{R. Jesup} and {S. Loreto} and {M. Tuexen}},
	month = jul,
	year = {2015}
}

@Misc{microsoft_tcp_retries,
	title = {{INFO: Winsock TCP Connection Performance to Unused Ports}},
	url = {https://support.microsoft.com/en-us/kb/175523},
  NOTE = "\url{https://support.microsoft.com/en-us/kb/175523}",
	urldate = {2016-05-10},
	author = {{R. Jesup} and {S. Loreto} and {M. Tuexen}},
	month = apr,
	year = {2011}
}

@Misc{alexa_top_france,
	title = {{Top Sites in France}},
	url = {http://www.alexa.com/topsites/countries/FR},
  NOTE = "\url{http://www.alexa.com/topsites/countries/FR}",
	urldate = {2016-05-10},
	author = {{Alexa}},
	month = may,
	year = {2016}
}

@Misc{firefox_multiprocess_2016,
	key = {firefox},
	title = {Multiprocess {Firefox}},
	url = {https://developer.mozilla.org/en-US/docs/Mozilla/Firefox/Multiprocess_Firefox},
  NOTE = "\url{https://developer.mozilla.org/en-US/docs/Mozilla/Firefox/Multiprocess_Firefox}",
	abstract = {In current versions of desktop Firefox, the entire browser runs in a single operating system process. In particular, the JavaScript that runs the browser UI (also known as "chrome code") runs in the same process as the code in web pages (also known as "content" or "web content"). Future versions of Firefox will run the browser UI in a separate process from web content. In the first iteration of this architecture, all browser tabs will run in the same process and the browser UI will run in a different process. In future iterations, we expect to have more than one content process. The project that's delivering multiprocess Firefox is called Electrolysis, sometimes abbreviated to e10s.},
	urldate = {2016-05-10},
	journal = {Mozilla Developer Network},
	month = feb,
	year = {2016},
	file = {Snapshot:/Users/max/Library/Application Support/Zotero/Profiles/s8qdhoal.default/zotero/storage/RJNSARW3/Multiprocess_Firefox.html:text/html}
}

@Misc{chrome_multi-process_2008,
	key = {chrome},
	title = {Multi-process {Architecture}},
	url = {http://blog.chromium.org/2008/09/multi-process-architecture.html},
	NOTE = "\url{http://blog.chromium.org/2008/09/multi-process-architecture.html}",
  urldate = {2016-05-10},
	journal = {Chromium Blog},
	month = sep,
	year = {2008},
	file = {Snapshot:/Users/max/Library/Application Support/Zotero/Profiles/s8qdhoal.default/zotero/storage/MWH3USJI/multi-process-architecture.html:text/html}
}

@Misc{tping_windows,
	title = {True Ping},
	url = {http://www.andreaplanet.com/tping/},
  NOTE = "\url{http://www.andreaplanet.com/tping/}",
	author = {{Andrea Denzler}},
	urldate = {2016-05-10},
	year = {2006}
}

@misc{speed-test,
  author = "Ookla",
  title = "{Speedtest}",
  howpublished = "\url{http://www.speedtest.net/}"
}

@misc{www-ndt,
  title = "{Network Diagnostic Tool}",
  author = "Richard Carlson",
  howpublished = "\url{https://www.measurementlab.net/tools/ndt/}"
}

@InProceedings{ kwnp10netalyzr,
author =  { Christian Kreibich and Nicholas Weaver and Boris Nechaev and Vern Paxson },
title =  { Netalyzr: Illuminating The Edge Network },
booktitle = IMC,
year = { 2010 }
}

@misc{xmlhttpreq,
  author = "W3C",
  title = "{XMLHttpRequest API}",
  howpublished = "\url{https://xhr.spec.whatwg.org/}"
}

@misc{websocket,
  author = "W3C",
  title = "{WebSocket API}",
  howpublished = "\url{https://www.w3.org/TR/websockets/}"
}

@misc{webrtc,
  author = "W3C",
  title = "{WebRTC API}",
  howpublished = "\url{https://w3c.github.io/webrtc-pc/}"
}

@misc{cors,
  author = "W3C",
  title = "{CORS}",
  howpublished = "\url{https://www.w3.org/TR/cors/}"
}

@misc{sctp,
  author = "IEEE",
  title = "{RFC4960: Stream Control Transmission Protocol}",
  howpublished = "\url{https://tools.ietf.org/html/rfc4960}"
}

@misc{dtls,
  author = "IEEE",
  title = "{RFC4347:  Datagram Transport Layer Security}",
  howpublished = "\url{https://tools.ietf.org/html/rfc4347}"
}

@misc{socketio,
  author = "Socket.io",
  title = "{Socket.io}",
  howpublished = "\url{http://socket.io/}"
}

@article{gavaletz_-browser_2012,
	title = {In-browser network performance measurement},
	journal = {IEEE Trans. Parallel Distrib. Comput. Syst},
	author = {Gavaletz, Eric and Hamon, Dominic and Kaur, Jasleen},
	year = {2009}
}
